<record><leader>00000cas a22000007a 4500</leader><controlfield tag="001">22580109</controlfield><controlfield tag="008">901025u19uuuuuumnuen ne      0    0eng d</controlfield><datafield ind1=" " ind2=" " tag="010"><subfield code="a">sn 90060484 </subfield></datafield><datafield ind1=" " ind2=" " tag="040"><subfield code="a">MN#</subfield><subfield code="b">eng</subfield><subfield code="c">MN#</subfield><subfield code="d">OCLCQ</subfield><subfield code="d">OCLCO</subfield><subfield code="d">OCLCF</subfield></datafield><datafield ind1=" " ind2=" " tag="042"><subfield code="a">msc</subfield></datafield><datafield ind1=" " ind2=" " tag="043"><subfield code="a">n-us-mn</subfield></datafield><datafield ind1=" " ind2=" " tag="052"><subfield code="a">4144</subfield><subfield code="b">F4</subfield></datafield><datafield ind1=" " ind2=" " tag="052"><subfield code="a">4143</subfield><subfield code="b">R6</subfield></datafield><datafield ind1="0" ind2=" " tag="130"><subfield code="a">Echo (Faribault, Minn.)</subfield></datafield><datafield ind1="1" ind2="4" tag="245"><subfield code="a">The echo.</subfield></datafield><datafield ind1=" " ind2=" " tag="260"><subfield code="a">Faribault, Minn. :</subfield><subfield code="b">Faribault High Shool</subfield></datafield><datafield ind1=" " ind2=" " tag="300"><subfield code="a">v.</subfield></datafield><datafield ind1=" " ind2=" " tag="310"><subfield code="a">Biweekly (during school year)</subfield></datafield><datafield ind1=" " ind2=" " tag="530"><subfield code="a">Available on microfilm from the Minnesota Historical Society.</subfield></datafield><datafield ind1=" " ind2=" " tag="588"><subfield code="a">Description based on: Vol. 4, no. 14 (May 14, 1926).</subfield></datafield><datafield ind1="2" ind2="0" tag="610"><subfield code="a">Faribault High School (Faribault, Minn.)</subfield><subfield code="v">Periodicals.</subfield></datafield><datafield ind1=" " ind2="0" tag="650"><subfield code="a">Schools</subfield><subfield code="z">Minnesota</subfield><subfield code="z">Faribault</subfield><subfield code="v">Periodicals.</subfield></datafield><datafield ind1=" " ind2="0" tag="650"><subfield code="a">High schools</subfield><subfield code="z">Minnesota</subfield><subfield code="z">Faribault</subfield><subfield code="v">Periodicals.</subfield></datafield><datafield ind1=" " ind2="7" tag="655"><subfield code="a">Periodicals.</subfield><subfield code="2">fast</subfield><subfield code="0">(OCoLC)fst01411641</subfield></datafield><datafield ind1="2" ind2="7" tag="610"><subfield code="a">Faribault High School (Faribault, Minn.)</subfield><subfield code="2">fast</subfield><subfield code="0">(OCoLC)fst01979281</subfield></datafield><datafield ind1=" " ind2="7" tag="650"><subfield code="a">High schools.</subfield><subfield code="2">fast</subfield><subfield code="0">(OCoLC)fst00956288</subfield></datafield><datafield ind1=" " ind2="7" tag="650"><subfield code="a">Schools.</subfield><subfield code="2">fast</subfield><subfield code="0">(OCoLC)fst01107958</subfield></datafield><datafield ind1=" " ind2="7" tag="651"><subfield code="a">Minnesota</subfield><subfield code="z">Faribault.</subfield><subfield code="2">fast</subfield><subfield code="0">(OCoLC)fst01212940</subfield></datafield><datafield ind1="2" ind2=" " tag="710"><subfield code="a">Faribault High School (Faribault, Minn.)</subfield></datafield></record>